<?xml version="1.0" encoding="UTF-8"?><record xmlns="http://www.loc.gov/MARC21/slim" xmlns:cinclude="http://apache.org/cocoon/include/1.0" xmlns:zs="http://www.loc.gov/zing/srw/">
  <leader>00589cz  a2200145n  4500</leader>
  <controlfield tag="001">n 2003082595</controlfield>
  <controlfield tag="003">DLC</controlfield>
  <controlfield tag="005">20031218092527.0</controlfield>
  <controlfield tag="008">030630n| acannaabn          |a aaa      </controlfield>
  <datafield tag="010" ind1=" " ind2=" ">
    <subfield code="a">n 2003082595</subfield>
  </datafield>
  <datafield tag="040" ind1=" " ind2=" ">
    <subfield code="a">DLC</subfield>
    <subfield code="b">eng</subfield>
    <subfield code="c">DLC</subfield>
    <subfield code="d">DLC</subfield>
  </datafield>
  <datafield tag="100" ind1="1" ind2=" ">
    <subfield code="a">Leverett-Crew, Libby,</subfield>
    <subfield code="d">1960-</subfield>
  </datafield>
  <datafield tag="400" ind1="1" ind2=" ">
    <subfield code="a">Crew, Libby Leverett-,</subfield>
    <subfield code="d">1960-</subfield>
  </datafield>
  <datafield tag="670" ind1=" " ind2=" ">
    <subfield code="a">Leverett Crew, Libby. Saturday nights with Daddy at the Opry, c2003:</subfield>
    <subfield code="b">ECIP t.p. (Libby Leverett Crew) data view (Libby Leverett-Crew; b. July 22, 1960)</subfield>
  </datafield>
  <datafield tag="670" ind1=" " ind2=" ">
    <subfield code="a">Leverett-Crew, Libby. Saturday nights with Daddy at the Opry, c2003:</subfield>
    <subfield code="b">CIP ver. (Libby Leverett-Crew)</subfield>
  </datafield>
</record>